@preamble{"\newcommand{\titleset}[1]{\textbf{#1}} "}

@article{
  tundo2018application,
  title={Application of The Fuzzy Inference System Method to Predict The Number of Weaving Fabric Production},
  author={Tundo, Tundo and Sela, Enny Itje},
  journal={IJID (International Journal on Informatics for Development)},
  volume={7},
  number={1},
  pages={21--29},
  year={2018}
}